@article{atems,
  title={Income inequality and economic growth: a panel VAR approach},
  author={Atems, Bebonchu and Jones, Jason},
  journal={Empirical Economics},
  volume={48},
  number={4},
  pages={1541--1561},
  year={2015},
  publisher={Springer}
}

@article{cingano,
  title={Trends in income inequality and its impact on economic growth},
  author={Cingano, Federico},
  year={2014},
  publisher={OECD}
}
@article{frankincome,
  title={Income inequality, human capital, and income growth: Evidence from a state-level VAR analysis},
  author={Frank, Mark W},
  journal={Atlantic Economic Journal},
  volume={37},
  number={2},
  pages={173--185},
  year={2009},
  publisher={Springer}
}

@techreport{barro,
  title={Inequality and growth revisited},
  author={Barro, Robert J},
  year={2008},
  institution={ADB Working paper series on regional economic integration}
}

@article{levin,
  title={Unit root tests in panel data: asymptotic and finite-sample properties},
  author={Levin, Andrew and Lin, Chien-Fu and Chu, Chia-Shang James},
  journal={Journal of econometrics},
  volume={108},
  number={1},
  pages={1--24},
  year={2002},
  publisher={Elsevier}
}

@article{love,
  title={Financial development and dynamic investment behavior: Evidence from panel VAR},
  author={Love, Inessa and Zicchino, Lea},
  journal={The Quarterly Review of Economics and Finance},
  volume={46},
  number={2},
  pages={190--210},
  year={2006},
  publisher={Elsevier}
}

@article{frank,
  title={Inequality and growth in the United States: Evidence from a new state-level panel of income inequality measures},
  author={Frank, Mark W},
  journal={Economic Inquiry},
  volume={47},
  number={1},
  pages={55--68},
  year={2009},
  publisher={Wiley Online Library}
}

@article{arellano,
  title={Another look at the instrumental variable estimation of error-components models},
  author={Arellano, Manuel and Bover, Olympia},
  journal={Journal of econometrics},
  volume={68},
  number={1},
  pages={29--51},
  year={1995},
  publisher={Elsevier}
}

  @Manual{Texevier,
    title = {{Texevier}: {P}ackage to create Elsevier templates for Rmarkdown},
    author = {N.F. Katzke},
    organization = {Bureau for Economic Research},
    address = {Stellenbosch, South Africa},
    note = {version 0.1.2},
    year = {2017},
  }
